% This file was created with JabRef 2.4.2.
% Encoding: Cp1252

@ARTICLE{vcd:Cohen:1980,
  author = {A. Cohen},
  title = {On the Graphical Display of the Significant Components in a Two-Way
	Contingency Table},
  journal = {Communications in Statistics---Theory and Methods},
  year = {1980},
  volume = {A9},
  pages = {1025--1041}
}

@INPROCEEDINGS{vcd:Hartigan+Kleiner:1981,
  author = {J. A. Hartigan and B. Kleiner},
  title = {Mosaics for Contingency Tables},
  booktitle = {Computer Science and Statistics: Proceedings of the 13th Symposium
	on the Interface},
  year = {1981},
  editor = {W. F. Eddy},
  pages = {268--273},
  address = {New York},
  publisher = {Springer-Verlag}
}

@ARTICLE{vcd:Hartigan+Kleiner:1984,
  author = {J. A. Hartigan and B. Kleiner},
  title = {A Mosaic of Television Ratings},
  journal = {The American Statistician},
  year = {1984},
  volume = {38},
  pages = {32--35}
}

@TECHREPORT{vcd:Young:1996,
  author = {Forrest W. Young},
  title = {{\pkg{ViSta}}: The Visual Statistics System},
  institution = {UNC L.~L.~Thurstone Psychometric Laboratory Research Memorandum},
  year = {1996},
  number = {94--1(c)}
}

@BOOK{vcd:Cleveland:1993,
  title = {Visualizing Data},
  publisher = {Hobart Press},
  year = {1993},
  author = {William S. Cleveland},
  address = {Summit, New Jersey}
}

@ARTICLE{vcd:Becker+Cleveland+Shyu:1996,
  author = {Richard A. Becker and William S. Cleveland and Ming-Jen Shyu},
  title = {The Visual Design and Control of Trellis Display},
  journal = {Journal of Computational and Graphical Statistics},
  year = {1996},
  volume = {5},
  pages = {123--155}
}

@INPROCEEDINGS{vcd:Riedwyl+Schuepbach:1994,
  author = {H. Riedwyl and M. Sch{\"u}pbach},
  title = {Parquet Diagram to Plot Contingency Tables},
  booktitle = {Softstat '93: Advances in Statistical Software},
  year = {1994},
  editor = {F. Faulbaum},
  pages = {293--299},
  address = {New York},
  publisher = {Gustav Fischer}
}

@INPROCEEDINGS{vcd:Ihaka:2003,
  author = {Ross Ihaka},
  title = {Colour for Presentation Graphics},
  booktitle = {Proceedings of the 3rd International Workshop on Distributed Statistical
	Computing, Vienna, Austria},
  year = {2003},
  editor = {Kurt Hornik and Friedrich Leisch and Achim Zeileis},
  note = {{ISSN 1609-395X}},
  url = {http://www.ci.tuwien.ac.at/Conferences/DSC-2003/Proceedings/}
}

@ARTICLE{vcd:Lumley:2006,
  author = {Thomas Lumley},
  title = {Color Coding and Color Blindness in Statistical Graphics},
  journal = {ASA Statistical Computing \& Graphics Newsletter},
  year = {2006},
  volume = {17},
  pages = {4--7},
  number = {2}
}

@BOOK{vcd:Munsell:1905,
  title = {A Color Notation},
  publisher = {Munsell Color Company},
  year = {1905},
  author = {Albert H. Munsell},
  address = {Boston, Massachusetts}
}

@ARTICLE{vcd:Harrower+Brewer:2003,
  author = {Mark A. Harrower and Cynthia A. Brewer},
  title = {\pkg{ColorBrewer.org}: An Online Tool for Selecting Color Schemes
	for Maps},
  journal = {The Cartographic Journal},
  year = {2003},
  volume = {40},
  pages = {27--37}
}

@INPROCEEDINGS{vcd:Brewer:1999,
  author = {Cynthia A. Brewer},
  title = {Color Use Guidelines for Data Representation},
  booktitle = {Proceedings of the Section on Statistical Graphics, American Statistical
	Association},
  year = {1999},
  pages = {55--60},
  address = {Alexandria, VA}
}

@ARTICLE{vcd:Cleveland+McGill:1983,
  author = {William S. Cleveland and Robert McGill},
  title = {A Color-caused Optical Illusion on a Statistical Graph},
  journal = {The American Statistician},
  year = {1983},
  volume = {37},
  pages = {101--105}
}

@BOOK{vcd:CIE:2004,
  title = {Colorimetry},
  publisher = {Publication CIE 15:2004},
  year = {2004},
  author = {{Commission Internationale de l'\'Eclairage}},
  address = {Vienna, Austria},
  edition = {3rd},
  note = {{ISBN} 3-901-90633-9}
}

@INPROCEEDINGS{vcd:Moretti+Lyons:2002,
  author = {Giovanni Moretti and Paul Lyons},
  title = {Tools for the Selection of Colour Palettes},
  booktitle = {Proceedings of the New Zealand Symposium On Computer-Human Interaction
	(SIGCHI 2002)},
  year = {2002},
  address = {University of Waikato, New Zealand},
  month = {July}
}

@ARTICLE{vcd:MacAdam:1942,
  author = {D. L. MacAdam},
  title = {Visual Sensitivities to Color Differences in Daylight},
  journal = {Journal of the Optical Society of America},
  year = {1942},
  volume = {32},
  pages = {247--274},
  number = {5}
}

@BOOK{vcd:Wyszecki+Stiles:2000,
  title = {Color Science},
  publisher = {Wiley},
  year = {2000},
  author = {G\"unter Wyszecki and W. S. Stiles},
  edition = {2nd},
  note = {{ISBN} 0-471-39918-3}
}

@MISC{vcd:Poynton:2000,
  author = {Charles Poynton},
  title = {Frequently-Asked Questions About Color},
  howpublished = {URL \url{http://www.poynton.com/ColorFAQ.html}},
  year = {2000},
  note = {Accessed 2006-09-14}
}

@MISC{vcd:Wiki+HSV:2006,
  author = {Wikipedia},
  title = {{HSV} Color Space --- {W}ikipedia{,} The Free Encyclopedia},
  howpublished = {URL \url{http://en.wikipedia.org/w/index.php?title=HSV_color_space&oldid=74735552}},
  year = {2006},
  note = {Accessed 2006-09-14}
}

@MISC{vcd:Wiki+LUV:2006,
  author = {Wikipedia},
  title = {{Lab} Color Space --- {W}ikipedia{,} The Free Encyclopedia},
  howpublished = {URL \url{http://en.wikipedia.org/w/index.php?title=Lab_color_space&oldid=72611029}},
  year = {2006},
  note = {Accessed 2006-09-14}
}

@ARTICLE{vcd:Smith:1978,
  author = {Alvy Ray Smith},
  title = {Color Gamut Transform Pairs},
  journal = {Computer Graphics},
  year = {1978},
  volume = {12},
  pages = {12--19},
  number = {3},
  note = {ACM SIGGRAPH 78 Conference Proceedings}
}

@ARTICLE{vcd:Meier+Spalter+Karelitz:2004,
  author = {Barbara J. Meier and Anne Morgan Spalter and David B. Karelitz},
  title = {Interactive Color Palette Tools},
  journal = {{IEEE} Computer Graphics and Applications},
  year = {2004},
  volume = {24},
  pages = {64--72},
  number = {3}
}

@INCOLLECTION{vcd:Mollon:1995,
  author = {J. Mollon},
  title = {Seeing Color},
  booktitle = {Colour: Art and Science},
  publisher = {Cambridge Univesity Press},
  year = {1995},
  editor = {T. Lamb and J. Bourriau}
}

@ARTICLE{vcd:Friendly:1994,
  author = {Michael Friendly},
  title = {Mosaic Displays for Multi-Way Contingency Tables},
  journal = {Journal of the American Statistical Association},
  year = {1994},
  volume = {89},
  pages = {190--200}
}

@ARTICLE{vcd:Friendly:1999,
  author = {Michael Friendly},
  title = {Extending Mosaic Displays: Marginal, Conditional, and Partial Views
	of Categorical Data},
  journal = {Journal of Computational and Graphical Statistics},
  year = {1999},
  volume = {8},
  pages = {373--395},
  number = {3}
}

@BOOK{vcd:Friendly:2000,
  title = {Visualizing Categorical Data},
  publisher = {\textsf{SAS} Insitute},
  year = {2000},
  author = {Michael Friendly},
  address = {Carey, NC},
  url = {http://www.math.yorku.ca/SCS/vcd/}
}

@ARTICLE{vcd:Theus+Lauer:1999,
  author = {Martin Theus and Stephan R. W. Lauer},
  title = {Visualizing Loglinear Models},
  journal = {Journal of Computational and Graphical Statistics},
  year = {1999},
  volume = {8},
  pages = {396--412},
  number = {3}
}

@ARTICLE{vcd:Hofmann:2003,
  author = {Heike Hofmann},
  title = {Constructing and Reading Mosaicplots},
  journal = {Computational Statistics \& Data Analysis},
  year = {2003},
  volume = {43},
  pages = {565--580}
}

@ARTICLE{vcd:Hofmann:2001,
  author = {Heike Hofmann},
  title = {Generalized Odds Ratios for Visual Modelling},
  journal = {Journal of Computational and Graphical Statistics},
  year = {2001},
  volume = {10},
  pages = {1--13}
}

@ARTICLE{vcd:Theus:2003,
  author = {Martin Theus},
  title = {Interactive Data Visualization Using \pkg{Mondrian}},
  journal = {Journal of Statistical Software},
  year = {2003},
  volume = {7},
  pages = {1--9},
  number = {11},
  url = {http://www.jstatsoft.org/v07/i11/}
}

@UNPUBLISHED{vcd:Hofmann+Theus,
  author = {Heike Hofmann and Martin Theus},
  title = {Interactive Graphics for Visualizing Conditional Distributions},
  note = {Unpublished Manuscript},
  year = {2005}
}

@ARTICLE{vcd:Hummel:1996,
  author = {J. Hummel},
  title = {Linked Bar Charts: Analysing Categorical Data Graphically},
  journal = {Computational Statistics},
  year = {1996},
  volume = {11},
  pages = {23--33}
}

@ARTICLE{vcd:Unwin+Hawkins+Hofmann:1996,
  author = {Antony R. Unwin and G. Hawkins and Heike Hofmann and B. Siegl},
  title = {Interactive Graphics for Data Sets with Missing Values -- \pkg{MANET}},
  journal = {Journal of Computational and Graphical Statistics},
  year = {1996},
  volume = {4},
  pages = {113--122},
  number = {6}
}

@MANUAL{vcd:Urbanek+Wichtrey:2006,
  title = {\pkg{iplots}: Interactive Graphics for \textsf{R}},
  author = {Simon Urbanek and Tobias Wichtrey},
  year = {2006},
  note = {\textsf{R} package version 1.0-3},
  url = {http://www.rosuda.org/iPlots/}
}

@MANUAL{vcd:R:2006,
  title = {\textsf{R}: {A} Language and Environment for Statistical Computing},
  author = {{\textsf{R} Development Core Team}},
  organization = {\textsf{R} Foundation for Statistical Computing},
  address = {Vienna, Austria},
  year = {2006},
  note = {{ISBN} 3-900051-00-3},
  url = {http://www.R-project.org/}
}

@ARTICLE{vcd:Murrell:2002,
  author = {Paul Murrell},
  title = {The \pkg{grid} Graphics Package},
  journal = {\proglang{R} News},
  year = {2002},
  volume = {2},
  pages = {14--19},
  number = {2},
  month = {June},
  url = {http://CRAN.R-project.org/doc/Rnews/}
}

@BOOK{vcd:Murrell:2006,
  title = {\textsf{R} Graphics},
  publisher = {Chapmann \& Hall/CRC},
  year = {2006},
  author = {Paul Murrell},
  address = {Boca Raton, Florida}
}

@BOOK{vcd:Venables+Ripley:2002,
  title = {Modern Applied Statistics with \textsf{S}},
  publisher = {Springer-Verlag},
  year = {2002},
  author = {William N. Venables and Brian D. Ripley},
  address = {New York},
  edition = {4th},
  note = {{ISBN} 0-387-95457-0},
  url = {http://www.stats.ox.ac.uk/pub/MASS4/}
}

@MANUAL{vcd:Ihaka:2006,
  title = {\pkg{colorspace}: Colorspace Manipulation},
  author = {Ross Ihaka},
  year = {2006},
  note = {\textsf{R} package version 0.95}
}

@MANUAL{vcd:Meyer+Zeileis+Hornik:2006,
  title = {\pkg{vcd}: Visualizing Categorical Data},
  author = {David Meyer and Achim Zeileis and Kurt Hornik},
  year = {2006},
  note = {\textsf{R} package version 1.0-6}
}

@ARTICLE{vcd:Ligges+Maechler:2003,
  author = {Uwe Ligges and Martin M{\"a}chler},
  title = {\pkg{scatterplot3d} -- An {R} Package for Visualizing Multivariate
	Data},
  journal = {Journal of Statistical Software},
  year = {2003},
  volume = {8},
  pages = {1--20},
  number = {11},
  url = {http://www.jstatsoft.org/v08/i11/}
}

@MANUAL{vcd:SAS:2005,
  title = {\proglang{SAS/STAT} Version 9},
  author = {\proglang{SAS} Institute Inc.},
  address = {Cary, NC},
  year = {2005}
}

@MANUAL{vcd:SPLUS:2005,
  title = {\proglang{S-PLUS} 7},
  author = {{Insightful Inc.}},
  address = {Seattle, WA},
  year = {2005}
}

@ARTICLE{vcd:Azzalini+Bowman:1990,
  author = {A. Azzalini and A. W. Bowman},
  title = {A Look at Some Data on the {O}ld {F}aithful Geyser},
  journal = {Applied Statistics},
  year = {1990},
  volume = {39},
  pages = {357--365}
}

@ARTICLE{vcd:Obel:1975,
  author = {E.B. Obel},
  title = {A Comparative Study of Patients with Cancer of the Ovary Who Have
	Survived More or Less Than 10 Years},
  journal = {Acta Obstetricia et Gynecologica Scandinavica},
  year = {1975},
  volume = {55},
  pages = {429--439}
}

@INCOLLECTION{vcd:Koch+Edwards:1988,
  author = {G. Koch and S. Edwards},
  title = {Clinical Efficiency Trials with Categorical Data},
  booktitle = {Biopharmaceutical Statistics for Drug Development},
  publisher = {Marcel Dekker},
  year = {1988},
  editor = {K. E. Peace},
  pages = {403--451},
  address = {New York}
}

@TECHREPORT{vcd:Knorr-Held:1999,
  author = {Leonhard Knorr-Held},
  title = {Dynamic Rating of Sports Teams},
  institution = {SFB 386 ``Statistical Analysis of Discrete Structures''},
  year = {1999},
  type = {Discussion Paper},
  number = {98},
  url = {http://www.stat.uni-muenchen.de/sfb386/}
}

@ARTICLE{vcd:Snee:1974,
  author = {R. D. Snee},
  title = {Graphical Display of Two-Way Contingency Tables},
  journal = {The American Statistician},
  year = {1974},
  volume = {28},
  pages = {9--12}
}

@ARTICLE{vcd:Bickel+Hammel+O'Connell:1975,
  author = {P. J. Bickel and E. A. Hammel and J. W. O'Connell},
  title = {Sex Bias in Graduate Admissions: Data from {B}erkeley},
  journal = {Science},
  year = {1975},
  volume = {187},
  pages = {398--403}
}

@BOOK{vcd:Gilbert:1981,
  title = {Modelling Society: An Introduction to Loglinear Analysis for Social
	Researchers},
  publisher = {Allen and Unwin},
  year = {1981},
  author = {G. N. Gilbert},
  address = {London}
}

@BOOK{vcd:Thornes+Collard:1979,
  title = {Who Divorces?},
  publisher = {Routledge \& Kegan},
  year = {1979},
  author = {B. Thornes and J. Collard},
  address = {London}
}

@ARTICLE{vcd:Dawson:1995,
  author = {Robert J. MacG Dawson},
  title = {The ``Unusual Episode'' Data Revisited},
  journal = {Journal of Statistics Education},
  year = {1995},
  volume = {3},
  url = {http://www.amstat.org/publications/jse/v3n3/datasets.dawson.html}
}

@ARTICLE{vcd:Haberman:1974,
  author = {S. J. Haberman},
  title = {Log-linear Models for Frequency Tables with Ordered Classifications},
  journal = {Biometrics},
  year = {1974},
  volume = {30},
  pages = {689--700}
}

@ARTICLE{vcd:Wing:1962,
  author = {J. K. Wing},
  title = {Institutionalism in Mental Hospitals},
  journal = {British Journal of Social Clinical Psychology},
  year = {1962},
  volume = {1},
  pages = {38--51}
}

@BOOK{vcd:Andersen:1991,
  title = {The Statistical Analysis of Categorical Data},
  publisher = {Springer-Verlag},
  year = {1991},
  author = {E. B. Andersen},
  address = {Berlin},
  edition = {2nd}
}

@ARTICLE{vcd:Haberman:1973,
  author = {S. J. Haberman},
  title = {The Analysis of Residuals in Cross-classified Tables},
  journal = {Biometrics},
  year = {1973},
  volume = {29},
  pages = {205--220}
}

@BOOK{vcd:Everitt+Hothorn:2006,
  title = {A Handbook of Statistical Analyses Using \textsf{R}},
  publisher = {Chapman \& Hall/CRC},
  year = {2006},
  author = {Brian S. Everitt and Torsten Hothorn},
  address = {Boca Raton, Florida}
}

@ARTICLE{vcd:Salib+Hillier:1997,
  author = {Emad Salib and Valerie Hillier},
  title = {A Case-Control Study of Smoking and {A}lzheimer's Disease},
  journal = {International Journal of Geriatric Psychiatry},
  year = {1997},
  volume = {12},
  pages = {295--300}
}

@BOOK{vcd:Agresti:2002,
  title = {Categorical Data Analysis},
  publisher = {John Wiley \& Sons},
  year = {2002},
  author = {Alan Agresti},
  address = {Hoboken, New Jersey},
  edition = {2nd}
}

@BOOK{vcd:Mazanec+Strasser:2000,
  title = {A Nonparametric Approach to Perceptions-based Market Segmentation:
	Foundations},
  publisher = {Springer-Verlag},
  year = {2000},
  author = {Josef A. Mazanec and Helmut Strasser},
  address = {Berlin}
}

@ARTICLE{vcd:Strasser+Weber:1999,
  author = {Helmut Strasser and Christian Weber},
  title = {On the Asymptotic Theory of Permutation Statistics},
  journal = {Mathematical Methods of Statistics},
  year = {1999},
  volume = {8},
  pages = {220--250}
}

@BOOK{vcd:Pesarin:2001,
  title = {Multivariate Permutation Tests},
  publisher = {John Wiley \& Sons},
  year = {2001},
  author = {Fortunato Pesarin},
  address = {Chichester}
}

@ARTICLE{vcd:Ernst:2004,
  author = {Michael D. Ernst},
  title = {Permutation Methods: A Basis for Exact Inference},
  journal = {Statistical Science},
  year = {2004},
  volume = {19},
  pages = {676--685}
}

@ARTICLE{vcd:Patefield:1981,
  author = {W. M. Patefield},
  title = {An Efficient Method of Generating $R \times C$ Tables with Given
	Row and Column Totals},
  journal = {Applied Statistics},
  year = {1981},
  volume = {30},
  pages = {91--97},
  note = {{A}lgorithm AS 159}
}

@INPROCEEDINGS{vcd:Meyer+Zeileis+Hornik:2003,
  author = {David Meyer and Achim Zeileis and Kurt Hornik},
  title = {Visualizing Independence Using Extended Association Plots},
  booktitle = {Proceedings of the 3rd International Workshop on Distributed Statistical
	Computing, Vienna, Austria},
  year = {2003},
  editor = {Kurt Hornik and Friedrich Leisch and Achim Zeileis},
  note = {{ISSN 1609-395X}},
  url = {http://www.ci.tuwien.ac.at/Conferences/DSC-2003/Proceedings/}
}

@TECHREPORT{vcd:Zeileis+Meyer+Hornik:2005,
  author = {Achim Zeileis and David Meyer and Kurt Hornik},
  title = {Residual-based Shadings for Visualizing (Conditional) Independence},
  institution = {Department of Statistics and Mathematics, Wirtschaftsuniversit\"at
	Wien, Research Report Series},
  year = {2005},
  type = {Report},
  number = {20},
  month = {August},
  url = {http://epub.wu-wien.ac.at/dyn/openURL?id=oai:epub.wu-wien.ac.at:epub-wu-01_871}
}

@ARTICLE{vcd:Zeileis+Meyer+Hornik:2007,
  author = {Achim Zeileis and David Meyer and Kurt Hornik},
  title = {Residual-based Shadings for Visualizing (Conditional) Independence},
  journal = {Journal of Computational and Graphical Statistics},
  year = {2007},
  volume = {16},
  pages = {507--525},
  number = {3},
  doi = {10.1198/106186007X237856},
  url = {http://statmath.wu-wien.ac.at/~zeileis/papers/Zeileis+Meyer+Hornik-2007.pdf}
}

@TECHREPORT{vcd:Meyer+Zeileis+Hornik:2005a,
  author = {David Meyer and Achim Zeileis and Kurt Hornik},
  title = {The Strucplot Framework: Visualizing Multi-Way Contingency Tables
	with \pkg{vcd}},
  institution = {Department of Statistics and Mathematics, Wirtschaftsuniversit\"at
	Wien, Research Report Series},
  year = {2005},
  type = {Report},
  number = {22},
  month = {November},
  url = {http://epub.wu-wien.ac.at/dyn/openURL?id=oai:epub.wu-wien.ac.at:epub-wu-01_8a1}
}

@ARTICLE{vcd:Meyer+Zeileis+Hornik:2006b,
  author = {David Meyer and Achim Zeileis and Kurt Hornik},
  title = {The Strucplot Framework: Visualizing Multi-way Contingency Tables
	with \pkg{vcd}},
  journal = {Journal of Statistical Software},
  year = {2006},
  volume = {17},
  pages = {1--48},
  number = {3},
  url = {http://www.jstatsoft.org/v17/i03/}
}

@INCOLLECTION{vcd:Meyer+Zeileis+Hornik:2006a,
  author = {David Meyer and Achim Zeileis and Kurt Hornik},
  title = {Visualizing Contingency Tables},
  booktitle = {Handbook of Data Visualization},
  publisher = {Springer-Verlag},
  year = {2006},
  editor = {Chun-Houh Chen and Wolfang H\"ardle and Antony Unwin},
  series = {Springer Handbooks of Computational Statistics},
  address = {New York},
  note = {{ISBN} 3-540-33036-4, to appear}
}

@ARTICLE{vcd:Hothorn+Hornik+VanDeWiel:2006,
  author = {Torsten Hothorn and Kurt Hornik and Mark A. van de Wiel and Achim
	Zeileis},
  title = {A {L}ego System for Conditional Inference},
  journal = {The American Statistician},
  year = {2006},
  volume = {60},
  pages = {257--263},
  number = {3},
  doi = {10.1198/000313006X118430}
}

@TECHREPORT{vcd:Zeileis+Hornik:2006,
  author = {Achim Zeileis and Kurt Hornik},
  title = {Choosing Color Palettes for Statistical Graphics},
  institution = {Department of Statistics and Mathematics, Wirtschaftsuniversit\"at
	Wien, Research Report Series},
  year = {2006},
  type = {Report},
  number = {41},
  month = {October},
  url = {http://epub.wu-wien.ac.at/}
}

@ARTICLE{vcd:Gneiting+Sevcikova+Percival:2006,
  author = {Tilmann Gneiting and Hana \v{S}ev\v{c}\'ikov\'a and Donald B. Percival
	and Martin Schlather and Yindeng Jiang},
  title = {Fast and Exact Simulation of Large Gaussian Lattice Systems in {$\mathbb{R}^2$}:
	Exploring the Limits},
  journal = {Journal of Computational and Graphical Statistics},
  year = {2006},
  volume = {15},
  pages = {483--501},
  number = {3},
  note = {Figures~1--4}
}

@ARTICLE{vcd:Yang+Buckley+Dudoit:2002,
  author = {Yee Hwa Yang and Michael J. Buckley and Sandrine Dudoit and Terence
	P. Speed},
  title = {Comparison of Methods for Image Analysis on {cDNA} Microarray Data},
  journal = {Journal of Computational and Graphical Statistics},
  year = {2002},
  volume = {11},
  pages = {108--136},
  number = {1},
  note = {Figure~4a}
}

@ARTICLE{vcd:Kneib:2006,
  author = {Thomas Kneib},
  title = {Mixed Model-based Inference in Geoadditive Hazard Regression for
	Interval-censored Survival Times},
  journal = {Computational Statistics \& Data Analysis},
  year = {2006},
  volume = {51},
  pages = {777--792},
  note = {Figure~5 (left)}
}

@ARTICLE{vcd:Friendly:2002,
  author = {Michael Friendly},
  title = {A Brief History of the Mosaic Display},
  journal = {Journal of Computational and Graphical Statistics},
  year = {2002},
  volume = {11},
  pages = {89--107},
  number = {1},
  note = {Figure~11 (left, middle)}
}

@ARTICLE{vcd:Celeux+Hurn+Robert:2000,
  author = {Gilles Celeux and Merrilee Hurn and Christian P. Robert},
  title = {Computational and Inferential Difficulties with Mixture Posterior
	Distributions},
  journal = {Journal of the American Statistical Association},
  year = {2000},
  volume = {95},
  pages = {957--970},
  number = {451},
  note = {Figure~3}
}

@ARTICLE{cleveland:1987,
  author = {Cleveland, William and McGill, Robert},
  title = {Graphical Perception: The Visual Decoding of Quantitative Information
	on Graphical Displays of Data},
  journal = {Journal of the Royal Statistical Society A},
  year = {1987},
  volume = {150},
  pages = {192-229},
  number = {3}
}

@ARTICLE{cleveland:1984,
  author = {Cleveland, William S. and McGill, M. E.},
  title = {Graphical Perception: Theory, Experimentation and Application to
	the Development of Graphical Methods},
  journal = {Journal of the American Statistical Association},
  year = {1984},
  volume = {79},
  pages = {531-554},
  number = {387}
}

@ARTICLE{huang:1997,
  author = {Huang, Chisheng and McDonald, John Alan and Stuetzle, Werner},
  title = {Variable resolution bivariate plots},
  journal = {Journal of Computational and Graphical Statistics},
  year = {1997},
  volume = {6},
  pages = {383--396}
}

@ARTICLE{carr:1987,
  author = {Carr, D. B. and Littlefield, R. J. and Nicholson, W. L. and Littlefield,
	J. S.},
  title = {Scatterplot Matrix Techniques for Large N},
  journal = {Journal of the American Statistical Association},
  year = {1987},
  volume = {82},
  pages = {424-436},
  number = {398}
}

@BOOK{cleveland:1994,
  title = {The Elements of Graphing Data},
  publisher = {Hobart Press},
  year = {1994},
  author = {Cleveland, William}
}

@BOOK{chambers:1983,
  title = {Graphical methods for data analysis},
  publisher = {Wadsworth},
  year = {1983},
  author = {Chambers, John and Cleveland, William and Kleiner, Beat and Tukey,
	Paul}
}

@BOOK{bertin:1983,
  title = {Semiology of Graphics},
  publisher = {University of Wisconsin Press},
  year = {1983},
  author = {Bertin, Jacques},
  address = {Madison, WI}
}

@BOOK{wilkinson:2006,
  title = {The Grammar of Graphics},
  publisher = {Springer-Verlag},
  year = {2005},
  author = {Wilkinson, Leland},
  series = {Statistics and Computing}
}

