@ARTICLE{Cohen:60,
  author = {J. Cohen},
  title = {A coefficient of agreement for nominal scales},
  journal = {Educational and Psychological Measurement},
  year = {1960},
  volume = {20},
  pages = {37--46},
  owner = {Michael},
  timestamp = {2009.01.21}
}

@BOOK{Agresti:2013,
  title = {Categorical Data Analysis},
  publisher = {Wiley-Interscience [John Wiley \& Sons]},
  year = {2013},
  author = {Agresti, Alan},
  series = {Wiley Series in Probability and Statistics},
  address = {New York},
  edition = {Third},
  isbn = {978-0-470-46363-5},
  lccn = {QA278.A353 2013}
}

@ARTICLE{effects:1,
  author = {John Fox},
  title = {Effect Displays in {R} for Generalised Linear Models},
  journal = {Journal of Statistical Software},
  year = {2003},
  volume = {8},
  pages = {1--27},
  number = {15},
  url = {http://www.jstatsoft.org/v08/i15/}
}

@ARTICLE{effects:2,
  author = {John Fox and Jangman Hong},
  title = {Effect Displays in {R} for Multinomial and Proportional-Odds Logit
	Models: Extensions to the {effects} Package},
  journal = {Journal of Statistical Software},
  year = {2009},
  volume = {32},
  pages = {1--24},
  number = {1},
  url = {http://www.jstatsoft.org/v32/i01/}
}
