@Manual{R-modeltools,
  title = {modeltools: Tools and Classes for Statistical Models},
  author = {Torsten Hothorn and Friedrich Leisch and Achim Zeileis},
  year = {2013},
  note = {R package version 0.2-21},
  url = {http://CRAN.R-project.org/package=modeltools},
}
@Manual{R-party,
  title = {party: A Laboratory for Recursive Partytioning},
  author = {Torsten Hothorn and Kurt Hornik and Carolin Strobl and Achim Zeileis},
  year = {2013},
  note = {R package version 1.0-9},
  url = {http://CRAN.R-project.org/package=party},
}
@Manual{R-plotmo,
  title = {plotmo: Plot a model's response while varying the values of the
predictors.},
  author = {Stephen Milborrow},
  year = {2012},
  note = {R package version 1.3-2},
  url = {http://CRAN.R-project.org/package=plotmo},
}
@Manual{R-rpart,
  title = {rpart: Recursive Partitioning},
  author = {Terry M Therneau and Beth Atkinson},
  year = {2013},
  note = {R package version 4.1-3},
  url = {http://CRAN.R-project.org/package=rpart},
}
@Manual{R-rpart.plot,
  title = {rpart.plot: Plot rpart models.  An enhanced version of plot.rpart.},
  author = {Stephen Milborrow},
  year = {2012},
  note = {R package version 1.4-3},
  url = {http://CRAN.R-project.org/package=rpart.plot},
}
@Manual{R-sandwich,
  title = {sandwich: Robust Covariance Matrix Estimators},
  author = {Thomas Lumley and Achim Zeileis},
  year = {2013},
  note = {R package version 2.2-10},
  url = {http://CRAN.R-project.org/package=sandwich},
}
@Manual{R-strucchange,
  title = {strucchange: Testing, Monitoring, and Dating Structural Changes},
  author = {Achim Zeileis and Friedrich Leisch and Kurt Hornik and Christian Kleiber},
  year = {2012},
  note = {R package version 1.4-7},
  url = {http://CRAN.R-project.org/package=strucchange},
}
@Manual{R-zoo,
  title = {zoo: S3 Infrastructure for Regular and Irregular Time Series (Z's
ordered observations)},
  author = {Achim Zeileis and Gabor Grothendieck and Jeffrey A. Ryan},
  year = {2013},
  note = {R package version 1.7-10},
  url = {http://CRAN.R-project.org/package=zoo},
}
